00563cas a22002171a 4500
001 9917737443502836
003 Nz
005 20161223172951.0
008 031222d1883uuuunz  r ne      0   0 eng d
035    $a (Nz)8138630
035    $a (OCoLC)947774449
035    $a (NLNZils)1773744
035    $a (NLNZils)1773744-ilsdb
040    $a WN $c WN
042    $a nznb
043    $a u-nz---
245 00 $a Egmont courier and Waimate Plains advocate.
260    $a Opunake [N.Z.]
362 0  $a 1883?-?
651  0 $a Opunake (N.Z.) $v Newspapers.
655  7 $a New Zealand newspapers. $2 local $5 Nz
